@manual{obdh2,
    title           = {OBDH 2.0 Documentation},
    organization    = {Space Technology Research Laboratory (SpaceLab)},
    year            = {2020},
    note            = {Available at <\href{https://github.com/spacelab-ufsc/obdh2}{https://github.com/spacelab-ufsc/obdh2}>}
}
