@manual{test,
    title           = {Test},
    organization    = {SpaceLab},
    year            = {2020},
    month           = {July},
    note            = {Note}
}
