@misc{ttc2-repo,
    author  = {{SpaceLab}},
    title   = {{Telemetry, Tracking and Command 2.0}},
    year    = {2021},
    note    = {Available at <\href{https://github.com/spacelab-ufsc/ttc2}{https://github.com/spacelab-ufsc/ttc2}>}
}
