@manual{ttc2,
    title           = {TTC 2.0 Documentation},
    organization    = {Space Technology Research Laboratory (SpaceLab)},
    year            = {2021},
    note            = {Available at <\href{https://github.com/spacelab-ufsc/ttc2}{https://github.com/spacelab-ufsc/ttc2}>}
}
