@misc{ax25,
    author  = {Peter Loveall},
    title   = {{AX.25 Layer 2}},
    year    = {1984},
    url     = {http://www.ax25.net/}
}