@misc{ccs-studio,
    author  = {{Texas Instruments}},
    title   = {{Code Composer Studioâ„¢ integrated development environment (IDE)}},
    year    = {2024},
    note    = {Available at <\url{https://www.ti.com/tool/CCSTUDIO}>}
}
