@manual{ccsds,
    title        = {{TM} Space Data Link Protocol},
    author       = {CCSDS},
    organization = {The Consultative Committee for Space Data Systems},
    address      = {CCSDS Secretariat, National Aeronautics and Space Administration, Washington, DC, USA},
    year         = {2021},
    url          = {https://public.ccsds.org/Pubs/132x0b3.pdf}
}