@inproceedings{lofaldli2016,
    author  = {Løfaldli, André and Birkeland, Roger},
    year    = {2016},
    month   = {06},
    pages   = {},
    title   = {Implementation of a Software Defined Radio Prototype Ground Station for CubeSats},
    doi     = {10.13140/RG.2.1.1806.0408}
}
