@article{marcelino2023,
    author      = {Marcelino, Gabriel Mariano and de Mattos, André Martins Pio and Barcellos, João Cláudio Elsen and Ribeiro, Brenda Fernandes and Seman, Laio Oriel and Filho, Edemar Morsch and Bezerra, Eduardo Augusto},
    journal     = {IEEE Embedded Systems Letters},
    title       = {FloripaSat-2: An Open-Source Platform for CubeSats},
    year        = {2024},
    volume      = {16},
    number      = {1},
    pages       = {77-80},
    keywords    = {Payloads;CubeSat;Protocols;Solar panels;Satellite broadcasting;Earth;Batteries;CubeSat;nanosatellite;open-source;service platform},
    doi         = {10.1109/LES.2023.3260066}
}
