@manual{misrac2012,
    title        = {{MISRA C:2012} - Guidelines for the use of the {C} language in critical systems},
    organization = {{MIRA} Limited},
    address      = {Watling Street, Nuneaton, Warwickshire - United Kingdom},
    year         = {2013}
}