@misc{nasa-handout,
    author  = {{NASA}},
    title   = {{CubeSat101: Basic Concepts and Processes for First-Time CubeSat Developers}},
    year    = {2017},
    note    = {Available at <\url{https://www.nasa.gov/sites/default/files/atoms/files/nasa_csli_cubesat_101_508.pdf}>}
}