@misc{ngham,
    author  = {Jon Petter Skagmo},
    title   = {{NGHam Protocol}},
    year    = {2014},
    url     = {https://github.com/skagmo/ngham}
}