@misc{pyngham-doc,
    author      = {Marcelino, Gabriel Mariano},
    title       = {{PyNGHam} Library Documentation},
    year        = {2022},
    url         = {https://mgm8.github.io/pyngham/}
}