@misc{ccs-studio,
    author  = {{Texas Instruments}},
    title   = {{Code Composer Studioâ„¢ integrated development environment (IDE)}},
    year    = {2024},
    note    = {Available at <\href{https://www.ti.com/tool/CCSTUDIO}>}
}

@misc{ttc2-releases,
    author  = {{SpaceLab}},
    title   = {{TTC 2.0 - Releases GitHub page}},
    year    = {2024},
    note    = {Available at <\href{https://github.com/spacelab-ufsc/ttc2/releases}>}
}

@misc{sl-transmitter,
    author  = {{SpaceLab}},
    title   = {{SpaceLab Transmitter}},
    year    = {2024},
    note    = {Available at <\href{https://github.com/spacelab-ufsc/spacelab-transmitter}>}
}

@misc{sl-decoder,
    author  = {{SpaceLab}},
    title   = {{SpaceLab Decoder}},
    year    = {2024},
    note    = {Available at <\href{https://github.com/spacelab-ufsc/spacelab-decoder}>}
}