@misc{sl-decoder,
    author  = {{SpaceLab}},
    title   = {{SpaceLab Decoder}},
    year    = {2024},
    note    = {Available at <\url{https://github.com/spacelab-ufsc/spacelab-decoder}>}
}
