@misc{sl-transmitter,
    author  = {{SpaceLab}},
    title   = {{SpaceLab Transmitter}},
    year    = {2024},
    note    = {Available at <\url{https://github.com/spacelab-ufsc/spacelab-transmitter}>}
}
