@misc{ttc-fsat,
    author  = {{SpaceLab}},
    title   = {{Telemetry, Tracking and Command}},
    year    = {2019},
    note    = {Available at <\url{https://github.com/floripasat/ttc}>}
}
