@misc{ttc2-releases,
    author  = {{SpaceLab}},
    title   = {{TTC 2.0 - Releases GitHub page}},
    year    = {2024},
    note    = {Available at <\url{https://github.com/spacelab-ufsc/ttc2/releases}>}
}
